<record xmlns='http://www.loc.gov/MARC21/slim'><leader>01436cim a22003372u 4500</leader><controlfield tag='001'>3602200</controlfield><controlfield tag='005'>20151214183048.0</controlfield><controlfield tag='007'>ss|lmnjluz|nuu</controlfield><controlfield tag='008'>991101s1980    nyunnn         l    eng d</controlfield><datafield ind1=' ' ind2=' ' tag='035'><subfield code='a'>(NIC)notisASF9265</subfield></datafield><datafield ind1=' ' ind2=' ' tag='035'><subfield code='a'>3602200</subfield></datafield><datafield ind1=' ' ind2=' ' tag='035'><subfield code='a'>(OCoLC)63898955</subfield></datafield><datafield ind1=' ' ind2=' ' tag='040'><subfield code='a'>NIC</subfield><subfield code='c'>NIC</subfield><subfield code='d'>NIC</subfield><subfield code='d'>NIC</subfield></datafield><datafield ind1='1' ind2=' ' tag='100'><subfield code='a'>LaCapra, Dominick,</subfield><subfield code='d'>1939- </subfield></datafield><datafield ind1='1' ind2='0' tag='245'><subfield code='a'>Intellectual history: a reconsideration</subfield><subfield code='h'>[sound recording]</subfield></datafield><datafield ind1=' ' ind2=' ' tag='260'><subfield code='c'>1980.</subfield></datafield><datafield ind1=' ' ind2=' ' tag='300'><subfield code='a'>1 sound cassette (75 min.) :</subfield><subfield code='b'>analog, mono.</subfield></datafield><datafield ind1=' ' ind2=' ' tag='500'><subfield code='a'>Recorded in Ithaca, NY by Cornell University.</subfield></datafield><datafield ind1=' ' ind2=' ' tag='500'><subfield code='a'>Sponsored by: Society for the Humanities,Western Societies Program,History, Department of.</subfield></datafield><datafield ind1=' ' ind2=' ' tag='518'><subfield code='a'>Lecture, April 24, 1980.</subfield></datafield><datafield ind1=' ' ind2=' ' tag='520'><subfield code='a'>After explaining that a feeling of crises within the field of intellectual history has motivated introspection into the nature and objectives of the field, LaCapra discusses existing approaches and outlines alternative methods of addressing issues in intellectual history.</subfield></datafield><datafield ind1=' ' ind2=' ' tag='540'><subfield code='a'>No reproductions authorized.</subfield></datafield><datafield ind1=' ' ind2='0' tag='651'><subfield code='a'>Europe</subfield><subfield code='x'>Intellectual life.</subfield></datafield><datafield ind1=' ' ind2='0' tag='650'><subfield code='a'>Intellectual life</subfield><subfield code='x'>History.</subfield></datafield><datafield ind1=' ' ind2='7' tag='650'><subfield code='a'>Intellectual life</subfield><subfield code='2'>fast</subfield><subfield code='0'>(OCoLC)fst00975769</subfield></datafield><datafield ind1=' ' ind2='7' tag='651'><subfield code='a'>Europe</subfield><subfield code='2'>fast</subfield><subfield code='0'>(OCoLC)fst01245064</subfield></datafield><datafield ind1=' ' ind2='7' tag='655'><subfield code='a'>History</subfield><subfield code='2'>fast</subfield><subfield code='0'>(OCoLC)fst01411628</subfield></datafield><datafield ind1=' ' ind2='0' tag='830'><subfield code='a'>Future of European intellectual history.</subfield></datafield><datafield ind1='1' ind2=' ' tag='899'><subfield code='a'>CULectures</subfield></datafield><datafield ind1=' ' ind2=' ' tag='905'><subfield code='a'>20000328120000.0</subfield></datafield><datafield ind1='2' ind2=' ' tag='948'><subfield code='a'>20141221</subfield><subfield code='b'>m</subfield><subfield code='d'>batch</subfield><subfield code='e'>lts</subfield><subfield code='x'>addfast</subfield></datafield></record>